<?xml version="1.0" encoding="UTF-8"?><collection xmlns="http://www.loc.gov/MARC21/slim"><record><leader>00315nam--2200121-i-4500</leader><controlfield tag="001">000025836</controlfield><controlfield tag="002">20161230</controlfield><controlfield tag="005">20161230201036</controlfield><controlfield tag="008">060222s1000------------r-----000-0-eng-d</controlfield><datafield ind1=" " ind2=" " tag="100"><subfield code="a">Kahan, Theo</subfield></datafield><datafield ind1=" " ind2=" " tag="245"><subfield code="a">Theories quantiques de la matiere et du rayonnement</subfield></datafield><datafield ind1=" " ind2=" " tag="260"><subfield code="a">Paris, Armand Colin, 1959, 223p</subfield></datafield><datafield ind1=" " ind2=" " tag="852"><subfield code="a">15097</subfield></datafield></record></collection>